<?xml version='1.0' encoding='UTF-8'?>
<record xmlns="http://www.loc.gov/MARC21/slim">
  <leader>00926cam a22002295  4500</leader>
  <controlfield tag="001">2835252</controlfield>
  <controlfield tag="003">NjP</controlfield>
  <controlfield tag="005">20171019170427.0</controlfield>
  <controlfield tag="008">991204s1954    sy ab         000 0 ara d</controlfield>
  <datafield tag="024" ind1="7" ind2=" ">
    <subfield code="a">princeton_aco002184</subfield>
    <subfield code="2">local</subfield>
  </datafield>
  <datafield ind1=" " ind2=" " tag="035">
    <subfield code="a">(OCoLC)ocm42932798</subfield>
  </datafield>
  <datafield ind1=" " ind2=" " tag="035">
    <subfield code="9">CNR7732TS</subfield>
  </datafield>
  <datafield ind1=" " ind2=" " tag="040">
    <subfield code="a">PUL</subfield>
    <subfield code="c">PUL</subfield>
  </datafield>
  <datafield ind1="1" ind2=" " tag="100">
    <subfield code="a">ʻUthmān, ʻAbd al-ʻAzīz.</subfield>
  </datafield>
  <datafield ind1="0" ind2="0" tag="245">
    <subfield code="a">Sūrīyah wa-Lubnān;</subfield>
    <subfield code="b">dirāsah shāmilah lil-jughrāfīyah al-ṭabʻ̄īyah wa'l-hayāt al-basharīyah wa'l-iqtisādīyah ...</subfield>
  </datafield>
  <datafield ind1="0" ind2="4" tag="246">
    <subfield code="a">Waṭan al-ʻarabī</subfield>
    <subfield code="n">1.</subfield>
    <subfield code="p">Sūrīyah wa-Lubnān</subfield>
  </datafield>
  <datafield ind1=" " ind2=" " tag="260">
    <subfield code="a">Aleppo,</subfield>
    <subfield code="c">1954.</subfield>
  </datafield>
  <datafield ind1=" " ind2=" " tag="300">
    <subfield code="a">383 p.</subfield>
    <subfield code="b">illus., maps.</subfield>
    <subfield code="c">24 cm.</subfield>
  </datafield>
  <datafield ind1=" " ind2=" " tag="546">
    <subfield code="a">In Arabic.</subfield>
  </datafield>
  <datafield ind1=" " ind2="0" tag="651">
    <subfield code="a">Syria</subfield>
    <subfield code="x">Description and travel.</subfield>
    <subfield code="0">http://id.loc.gov/authorities/subjects/sh88006977</subfield>
  </datafield>
  <datafield ind1=" " ind2="0" tag="651">
    <subfield code="a">Lebanon</subfield>
    <subfield code="x">Description and travel.</subfield>
    <subfield code="0">http://id.loc.gov/authorities/subjects/sh89003359</subfield>
  </datafield>
  <datafield ind1=" " ind2=" " tag="945">
    <subfield code="a">F</subfield>
    <subfield code="b">1</subfield>
    <subfield code="c">2276.93755.389</subfield>
  </datafield>
  <datafield ind1=" " ind2=" " tag="911">
    <subfield code="a">20000220</subfield>
  </datafield>
  <datafield ind1="0" ind2="0" tag="852">
    <subfield code="0">3147711</subfield>
    <subfield code="b">nec</subfield>
    <subfield code="t">1</subfield>
    <subfield code="h">DS94</subfield>
    <subfield code="i">.U846 1954</subfield>
  </datafield>
  <datafield ind1=" " ind2=" " tag="959">
    <subfield code="a">2006-09-12 10:54:21 -0400</subfield>
  </datafield>
</record>
